@article{unwin_ensemble_2018,
	title = {Ensemble {Graphics}},
	volume = {27},
	issn = {1061-8600, 1537-2715},
	url = {https://www.tandfonline.com/doi/full/10.1080/10618600.2017.1383264},
	doi = {10.1080/10618600.2017.1383264},
	language = {en},
	number = {1},
	urldate = {2019-04-23},
	journal = {Journal of Computational and Graphical Statistics},
	author = {Unwin, Antony and Valero-Mora, Pedro},
	year = {2018},
	pages = {157--165},
}

@article{becker_visual_1996,
	title = {The {Visual} {Design} and {Control} of {Trellis} {Display}},
	volume = {5},
	issn = {1061-8600, 1537-2715},
	url = {http://www.tandfonline.com/doi/abs/10.1080/10618600.1996.10474701},
	doi = {10.1080/10618600.1996.10474701},
	language = {en},
	number = {2},
	urldate = {2019-04-23},
	journal = {Journal of Computational and Graphical Statistics},
	author = {Becker, Richard A. and Cleveland, William S. and Shyu, Ming-Jen},
	year = {1996},
	pages = {123--155},
}

@article{cleveland1979loess,
  author = { William S.   Cleveland },
  title = {Robust Locally Weighted Regression and Smoothing Scatterplots},
  journal = {Journal of the American Statistical Association},
  volume = {74},
  number = {368},
  pages = {829-836},
  year  = {1979},
  publisher = {Taylor \& Francis},
  doi = {10.1080/01621459.1979.10481038},
}

@book{tufte1983visual,
	Author = {Tufte, Edward R},
	Publisher = {Graphics press Cheshire, CT},
	Title = {The Visual Display of Quantitative Information},
	Year = {1983}}

@inproceedings{VanWijkCluster1999,
	Author = {Van Wijk, Jarke J. and Van Selow, Edward R.},
	Booktitle = {Information Visualization, 1999. INFOVIS 1999 Proceedings. {IEEE} Symposium on},
	Year = {1999},
	Pages = {4--9},
	Publisher = {{IEEE}},
	Title = {Cluster and Calendar Based Visualization of Time Series Data},
	Bdsk-Url-1 = {http://ieeexplore.ieee.org/xpls/abs_all.jsp?arnumber=801851}}

@book{wilkinson2006grammar,
  author = {Wilkinson, Leland},
  title = {The Grammar of Graphics (Statistics and Computing)},
  year = {2005},
  publisher = {Springer-Verlag New York, Inc.},
  address = {Secaucus, NJ}}

@article{Wickham2012glyph,
	Author = {Wickham, Hadley and Hofmann, Heike and Wickham, Charlotte and Cook, Dianne},
	Journal = {Environmetrics},
	Keywords = {visualization, exploratory data analysis, statistical graphics, spatiotemporal data, data mining},
	Number = {5},
	Pages = {382--393},
	Title = {Glyph-maps for Visually Exploring Temporal Patterns in Climate Data and Models},
	Volume = {23},
	Year = {2012}}

@article{cleveland1985graphical,
  title={Graphical Perception and Graphical Methods for Analyzing Scientific Data},
  author={Cleveland, William S and McGill, Robert},
  journal={Science},
  volume={229},
  number={4716},
  pages={828--833},
  year={1985},
  publisher={American Association for the Advancement of Science}
}

@article{hofmann2017letter,
author = {Heike Hofmann and Hadley Wickham and Karen Kafadar},
title = {Letter-Value Plots: Boxplots for Large Data},
journal = {Journal of Computational and Graphical Statistics},
volume = {26},
number = {3},
pages = {469-477},
year  = {2017},
publisher = {Taylor \& Francis},
doi = {10.1080/10618600.2017.1305277},
}

@MANUAL{ped,
  title       = {Pedestrian Volume in Melbourne},
  author      = "{City of Melbourne}",
  institution = "City of Melbourne, Australia",
  year        =  2017,
  url         = "http://www.pedestrian.melbourne.vic.gov.au",
  note = {Last accessed 2017-07-09},
}

@Manual{R-ggcal,
  title = {ggcal: Calendar Plot Using `ggplot2'},
  author = {Jay Jacobs},
  note = {R package version 0.1.0},
  year = {2017},
  url = {https://github.com/jayjacobs/ggcal},
}

@Manual{R-ggTimeSeries,
  title = {ggTimeSeries: Nicer Time Series Visualisations with ggplot syntax.},
  author = {Aditya Kothari and {Ather}},
  year = {2016},
  note = {R package version 0.1},
  url = {https://github.com/Ather-Energy/ggTimeSeries},
}

@article{wickham2014tidy,
	Author = {Wickham, Hadley},
	Journal = {Journal of Statistical Software},
	Number = {10},
	Pages = {1--23},
	Publisher = {Foundation for Open Access Statistics},
	Title = {Tidy Data},
	Volume = {59},
	Year = {2014}}

@article{cleveland1984graphical,
  title={Graphical Perception: Theory, Experimentation, and Application to the Development of Graphical Methods},
  author={Cleveland, William S and McGill, Robert},
  journal={Journal of the American Statistical Association},
  volume={79},
  number={387},
  pages={531--554},
  year={1984},
  publisher={Taylor \& Francis}
}

@article{lam2007overview,
  title={Overview Use in Multiple Visual Information Resolution Interfaces},
  author={Lam, Heidi and Munzner, Tamara and Kincaid, Robert},
  journal={IEEE Transactions on Visualization and Computer Graphics},
  volume={13},
  number={6},
  pages={1278--1285},
  year={2007},
  publisher={IEEE}
}

@book{wickham2009ggplot2,
  title={ggplot2: Elegant Graphics for Data Analysis},
  author={Wickham, Hadley},
  year={2009},
  address = {New York, NY},
  publisher={Springer-Verlag New York}
}

@BOOK{plotly,
  title     = {plotly for R},
  author    = "Carson Sievert",
  year      =  2018,
  url       = "https://plotly-book.cpsievert.me",
  note = {Last accessed 2018-10-20},
}

@Manual{R-wanderer4melb,
  title = {wanderer4melb: Shiny App for Wandering Around the Downtown Melbourne 2016},
  author = {Earo Wang},
  year = {2018},
  note = {R package version 0.1.0},
  url = {https://github.com/earowang/wanderer4melb},
}

@Manual{R-geofacet,
  title = {geofacet: `ggplot2' Faceting Utilities for Geographical Data},
  author = {Ryan Hafen},
  year = {2018},
  note = {R package version 0.1.9},
  url = {https://CRAN.R-project.org/package=geofacet},
}

@Manual{R-ggplot2,
  title = {ggplot2: Create Elegant Data Visualisations Using the Grammar of Graphics},
  author = {Hadley Wickham and Winston Chang and Lionel Henry and Thomas Lin Pedersen and Kohske Takahashi and Claus Wilke and Kara Woo},
  note = {http://ggplot2.tidyverse.org, https://github.com/tidyverse/ggplot2},
  year = {2018},
}

@Manual{R-shiny,
  title = {shiny: Web Application Framework for R},
  author = {Winston Chang and Joe Cheng and JJ Allaire and Yihui Xie and Jonathan McPherson},
  year = {2018},
  note = {R package version 1.1.0},
  url = {https://CRAN.R-project.org/package=shiny},
}

@Manual{R-sugrrants,
  title = {sugrrants: Supporting Graphs for Analysing Time Series},
  author = {Earo Wang and Dianne Cook and Rob J Hyndman},
  year = {2018},
  note = {R package version 0.1.6},
  url = {https://pkg.earo.me/sugrrants},
}

@Manual{R-tidyverse,
  title = {tidyverse: Easily Install and Load the 'Tidyverse'},
  author = {Hadley Wickham},
  year = {2017},
  note = {R package version 1.2.1},
  url = {https://CRAN.R-project.org/package=tidyverse},
}
@Manual{R-base,
  title = {R: A Language and Environment for Statistical Computing},
  author = {{R Core Team}},
  organization = {R Foundation for Statistical Computing},
  address = {Vienna, Austria},
  year = {2018},
  url = {https://www.R-project.org/},
}
@Manual{R-bindrcpp,
  title = {bindrcpp: An 'Rcpp' Interface to Active Bindings},
  author = {Kirill Müller},
  year = {2018},
  note = {R package version 0.2.2},
  url = {https://CRAN.R-project.org/package=bindrcpp},
}
@Manual{R-dplyr,
  title = {dplyr: A Grammar of Data Manipulation},
  author = {Hadley Wickham and Romain François and Lionel Henry and Kirill Müller},
  year = {2018},
  note = {R package version 0.7.7},
  url = {https://CRAN.R-project.org/package=dplyr},
}
@Manual{R-forcats,
  title = {forcats: Tools for Working with Categorical Variables (Factors)},
  author = {Hadley Wickham},
  year = {2018},
  note = {R package version 0.3.0},
  url = {https://CRAN.R-project.org/package=forcats},
}
@Manual{R-ggmap,
  title = {ggmap: Spatial Visualization with ggplot2},
  author = {David Kahle and Hadley Wickham},
  year = {2016},
  note = {R package version 2.6.1},
  url = {https://CRAN.R-project.org/package=ggmap},
}
@Manual{R-knitr,
  title = {knitr: A General-Purpose Package for Dynamic Report Generation in R},
  author = {Yihui Xie},
  year = {2018},
  note = {R package version 1.20},
  url = {https://CRAN.R-project.org/package=knitr},
}
@Manual{R-lubridate,
  title = {lubridate: Make Dealing with Dates a Little Easier},
  author = {Vitalie Spinu and Garrett Grolemund and Hadley Wickham},
  year = {2018},
  note = {R package version 1.7.4},
  url = {https://CRAN.R-project.org/package=lubridate},
}
@Manual{R-purrr,
  title = {purrr: Functional Programming Tools},
  author = {Lionel Henry and Hadley Wickham},
  year = {2018},
  note = {R package version 0.2.5},
  url = {https://CRAN.R-project.org/package=purrr},
}
@Manual{R-readr,
  title = {readr: Read Rectangular Text Data},
  author = {Hadley Wickham and Jim Hester and Romain Francois},
  year = {2017},
  note = {R package version 1.1.1},
  url = {https://CRAN.R-project.org/package=readr},
}
@Manual{R-TimeProjection,
  title = {TimeProjection: Time Projections},
  author = {Jeffrey Wong},
  year = {2013},
  note = {R package version 0.2.0},
  url = {https://CRAN.R-project.org/package=TimeProjection},
}
@Manual{Jones-heatmap,
  title = {Calendar Heatmap},
  author = {Holly Jones},
  year = {2016},
  note = {Online post},
  url = {https://rpubs.com/haj3/calheatmap},
  note = {Last accessed 2019-02-28},
}
