@Manual{R-bindrcpp,
  title = {bindrcpp: An 'Rcpp' Interface to Active Bindings},
  author = {Kirill Müller},
  year = {2017},
  note = {R package version 0.2},
  url = {https://CRAN.R-project.org/package=bindrcpp},
}
@Manual{R-dplyr,
  title = {dplyr: A Grammar of Data Manipulation},
  author = {Hadley Wickham and Romain Francois and Lionel Henry and Kirill Müller},
  year = {2017},
  note = {R package version 0.7.3},
  url = {https://CRAN.R-project.org/package=dplyr},
}
@Manual{R-forcats,
  title = {forcats: Tools for Working with Categorical Variables (Factors)},
  author = {Hadley Wickham},
  year = {2017},
  note = {R package version 0.2.0},
  url = {https://CRAN.R-project.org/package=forcats},
}
@Manual{R-ggmap,
  title = {ggmap: Spatial Visualization with ggplot2},
  author = {David Kahle and Hadley Wickham},
  year = {2016},
  note = {R package version 2.6.1},
  url = {https://CRAN.R-project.org/package=ggmap},
}
@Manual{R-knitr,
  title = {knitr: A General-Purpose Package for Dynamic Report Generation in R},
  author = {Yihui Xie},
  year = {2017},
  note = {R package version 1.17},
  url = {https://CRAN.R-project.org/package=knitr},
}
@Manual{R-lubridate,
  title = {lubridate: Make Dealing with Dates a Little Easier},
  author = {Garrett Grolemund and Vitalie Spinu and Hadley Wickham},
  year = {2016},
  note = {R package version 1.6.0},
  url = {https://CRAN.R-project.org/package=lubridate},
}
@Manual{R-purrr,
  title = {purrr: Functional Programming Tools},
  author = {Lionel Henry and Hadley Wickham},
  note = {http://purrr.tidyverse.org, https://github.com/tidyverse/purrr},
  year = {2017},
}
@Manual{R-readr,
  title = {readr: Read Rectangular Text Data},
  author = {Hadley Wickham and Jim Hester and Romain Francois},
  year = {2017},
  note = {R package version 1.1.1},
  url = {https://CRAN.R-project.org/package=readr},
}
@Manual{R-showtext,
  title = {showtext: Using Fonts More Easily in R Graphs},
  author = {Yixuan Qiu and authors/contributors of the included software. See file AUTHORS for details.},
  year = {2017},
  note = {R package version 0.4-6},
  url = {https://CRAN.R-project.org/package=showtext},
}
@Manual{R-sysfonts,
  title = {sysfonts: Loading Fonts into R},
  author = {Yixuan Qiu and authors/contributors of the included fonts. See file AUTHORS for details.},
  year = {2017},
  note = {R package version 0.7.1},
  url = {https://CRAN.R-project.org/package=sysfonts},
}
@Manual{R-tibble,
  title = {tibble: Simple Data Frames},
  author = {Kirill Müller and Hadley Wickham},
  year = {2017},
  note = {R package version 1.3.4},
  url = {https://CRAN.R-project.org/package=tibble},
}
@Manual{R-tidyr,
  title = {tidyr: Easily Tidy Data with 'spread()' and 'gather()' Functions},
  author = {Hadley Wickham and Lionel Henry},
  year = {2017},
  note = {R package version 0.7.1},
  url = {https://CRAN.R-project.org/package=tidyr},
}
