@book{tufte1983visual,
	Author = {Tufte, Edward R},
	Publisher = {Graphics press Cheshire, CT},
	Title = {The Visual Display of Quantitative Information},
	Year = {1983}}

@inproceedings{VanWijkCluster1999,
	Author = {Van Wijk, Jarke J. and Van Selow, Edward R.},
	Booktitle = {Information Visualization, 1999.(Info Vis' 99) Proceedings. 1999 {IEEE} Symposium on},
	Year = {1999},
	Pages = {4--9},
	Publisher = {{IEEE}},
	Title = {Cluster and Calendar Based Visualization of Time Series Data},
	Bdsk-Url-1 = {http://ieeexplore.ieee.org/xpls/abs_all.jsp?arnumber=801851}}

@article{wickham2010layered,
	Author = {Wickham, Hadley},
	Journal = {Journal of Computational and Graphical Statistics},
	Number = {1},
	Pages = {3--28},
	Publisher = {Taylor \& Francis},
	Title = {A Layered Grammar of Graphics},
	Volume = {19},
	Year = {2010}}

@book{wilkinson2006grammar,
	Author = {Wilkinson, Leland},
	Publisher = {Springer Science \& Business Media},
	Title = {The Grammar of Graphics},
	Year = {2006}}

@article{Wickham2012glyph,
	Author = {Wickham, Hadley and Hofmann, Heike and Wickham, Charlotte and Cook, Dianne},
	Journal = {Environmetrics},
	Keywords = {visualization, exploratory data analysis, statistical graphics, spatiotemporal data, data mining},
	Number = {5},
	Pages = {382--393},
	Title = {Glyph-maps for Visually Exploring Temporal Patterns in Climate Data and Models},
	Volume = {23},
	Year = {2012}}

@article{cleveland1985graphical,
  title={Graphical Perception and Graphical Methods for Analyzing Scientific Data},
  author={Cleveland, William S and McGill, Robert},
  journal={Science},
  volume={229},
  number={4716},
  pages={828--833},
  year={1985},
  publisher={American Association for the Advancement of Science}
}

@MANUAL{ped,
  title       = {Pedestrian Volumn in Melbourne},
  author      = "{City of Melbourne}",
  institution = "City of Melbourne, Australia",
  year        =  2017,
  url         = "http://www.pedestrian.melbourne.vic.gov.au",
  address     = "Town Hall, 90-120 Swanston Street, Melbourne VIC 3000"
}

@Manual{R-ggcal,
  title = {ggcal: Calendar Plot Using ggplot2},
  author = {Jay Jacobs},
  note = {R package version 0.1.0},
  year = {2017},
  url = {https://github.com/jayjacobs/ggcal},
}

@Manual{R-ggTimeSeries,
  title = {ggTimeSeries: Nicer Time Series Visualisations with ggplot syntax.},
  author = {Aditya Kothari and {Ather}},
  year = {2016},
  note = {R package version 0.1},
  url = {https://github.com/Ather-Energy/ggTimeSeries},
}

@article{wickham2014tidy,
	Author = {Wickham, Hadley},
	Journal = {Journal of Statistical Software},
	Number = {10},
	Pages = {1--23},
	Publisher = {Foundation for Open Access Statistics},
	Title = {Tidy Data},
	Volume = {59},
	Year = {2014}}

@article{cleveland1984graphical,
  title={Graphical perception: Theory, experimentation, and application to the development of graphical methods},
  author={Cleveland, William S and McGill, Robert},
  journal={Journal of the American statistical association},
  volume={79},
  number={387},
  pages={531--554},
  year={1984},
  publisher={Taylor \& Francis}
}

@article{lam2007overview,
  title={Overview Use in Multiple Visual Information Resolution Interfaces},
  author={Lam, Heidi and Munzner, Tamara and Kincaid, Robert},
  journal={IEEE Transactions on Visualization and Computer Graphics},
  volume={13},
  number={6},
  pages={1278--1285},
  year={2007},
  publisher={IEEE}
}
